% This file was created with JabRef 2.9.2.
% Encoding: MS950

@STANDARD{ts36.331,
  title = {LTE; Evolved Universal Terrestrial Radio Access (E-UTRA); Radio Resource
	Control (RRC); Protocol specification (Release 12)},
  author = {{3GPP TS 36.331 V12.5.0}},
  month = {Apr.},
  year = {2015},
  owner = {Alex},
  timestamp = {2015.08.03}
}

